@inproceedings{CpuPerfModel,
author = {Alexandre Kandalintsev and Renato Lo~Cigno},
title = {A Behavioral First Order CPU Performance Model for Clouds' Management},
booktitle = {Proc. of ICUMT},
year = {2012},
month = {October 3--5},
}
